% tutorial: https://towardsdatascience.com/extract-features-of-music-75a3f9bc265d
@article{Doshi,
  author  = "Doshi, Sanket",
  title   = "Music Feature Extraction in Python",
  journal = "Towards Data Science",
  year    = 2018
}

%%%%%%%%%%%%%%%%%%%%%%%%%%%%%%%%%%%%%%%%%%%%%%%%
%https://core.ac.uk/download/pdf/33499363.pdf
@inproceedings{Ferroudj_et_al.,
author = {Ferroudj, Meriem and Truskinger, Anthony and Towsey, Michael and Zhang, Liang and Zhang, Jinglan and Roe, Paul},
year = {2014},
month = {12},
pages = {104-116},
title = {Detection of Rain in Acoustic Recordings of the Environment},
isbn = {978-3-319-13559-5},
doi = {10.1007/978-3-319-13560-1_9}
}

%%%%%%%%%%%%%%%%%%%%%%%%%%%%%%%%%%%%%%%%%%%%%%%%
%https://www.matec-conferences.org/articles/matecconf/pdf/2018/60/matecconf_ici2017_03003.pdf
@article{Guico_et_al.,
author = {Guico, Maria and Abrajano, Gemalyn and Domer, Prince and Talusan, Jose Paolo},
year = {2018},
month = {01},
pages = {03003},
title = {Design and development of a novel acoustic rain sensor with automated telemetry},
volume = {201},
journal = {MATEC Web of Conferences},
doi = {10.1051/matecconf/201820103003}
}

%%%%%%%%%%%%%%%%%%%%%%%%%%%%%%%%%%%%%%%%%%%%%%%%
%https://www.mdpi.com/2078-2489/11/4/183
@article{Avanzato_et_al.,
author = {Avanzato, Roberta and Beritelli, Francesco},
year = {2020},
month = {03},
pages = {183},
title = {An Innovative Acoustic Rain Gauge Based on Convolutional Neural Networks},
volume = {11},
journal = {Information},
doi = {10.3390/info11040183}
}

%%%%%%%%%%%%%%%%%%%%%%%%%%%%%%%%%%%%%%%%%%%%%%%%
%https://www.researchgate.net/publication/337793617_A_Convolutional_Neural_Networks_Approach_to_Audio_Classification_for_Rainfall_Estimation
@inproceedings{Avanzato_Fransesco_et_al.,
author = {Avanzato, Roberta and Beritelli, Francesco and Franco, Francesco and Puglisi, Valerio},
year = {2019},
month = {09},
pages = {285-289},
title = {A Convolutional Neural Networks Approach to Audio Classification for Rainfall Estimation},
doi = {10.1109/IDAACS.2019.8924399}
}

%%%%%%%%%%%%%%%%%%%%%%%%%%%%%%%%%%%%%%%%%%%%%%%%
%https://agupubs.onlinelibrary.wiley.com/doi/full/10.1002/2016JD025387
@article{Wayand_et_al,
author = {Wayand, Nicholas and Stimberis, John and Zagrodnik, Joseph and Mass, Clifford and Lundquist, Jessica},
year = {2016},
month = {08},
pages = {},
title = {Improving Simulations of Precipitation Phase and Snowpack at a Site Subject to Cold Air Intrusions: Snoqualmie Pass, WA: Precipitation Phase},
volume = {121},
journal = {Journal of Geophysical Research: Atmospheres},
doi = {10.1002/2016JD025387}
}

%%%%%%%%%%%%%%%%%%%%%%%%%%%%%%%%%%%%%%%%%%%%%%%%
%https://journals.ametsoc.org/view/journals/apme/45/10/jam2406.1.xml
@article{Yuter_et_al,
author = {Yuter, Sandra and Kingsmill, David and Nance, Louisa and Löffler-Mang, Martin},
year = {2006},
month = {10},
pages = {},
title = {Observations of Precipitation Size and Fall Speed Characteristics within Coexisting Rain and Wet Snow},
volume = {45},
journal = {Journal of Applied Meteorology and Climatology},
doi = {10.1175/JAM2406.1}
}

%%%%%%%%%%%%%%%%%%%%%%%%%%%%%%%%%%%%%%%%%%%%%%%%
%https://doi.org/10.3389/feart.2021.617594
@article{Arienzo_et_al,
author = {Arienzo, Monica and Collins, Meghan and Jennings, Keith},
year = {2021},
month = {02},
pages = {},
title = {Enhancing Engagement of Citizen Scientists to Monitor Precipitation Phase},
volume = {9},
journal = {Frontiers in Earth Science},
doi = {10.3389/feart.2021.617594}
}

%%%%%%%%%%%%%%%%%%%%%%%%%%%%%%%%%%%%%%%%%%%%%%%%
%https://doi.org/10.1029/2022EA002714
@article{Casellas_et_al,
author = {Casellas, Enric and Bech, Joan and Veciana Rovira, Roger and Pineda, Nicolau and Rigo, Tomeu and Miró, Josep and Sairouni, Abdel},
year = {2021},
month = {01},
pages = {},
title = {Surface precipitation phase discrimination in complex terrain},
volume = {592},
journal = {Journal of Hydrology},
doi = {10.1016/j.jhydrol.2020.125780}
}

%%%%%%%%%%%%%%%%%%%%%%%%%%%%%%%%%%%%%%%%%%%%%%%%
%https://ieeexplore.ieee.org/abstract/document/8977506
@article{Zhang_et_al,
author = {Zhang, Ziran and Glaser, Steven and Watteyne, Thomas and Malek, Sami},
year = {2016},
month = {12},
pages = {},
title = {Long-Term Monitoring of the Sierra Nevada Snowpack Using Wireless Sensor Networks},
volume = {PP},
journal = {IEEE Internet of Things Journal},
doi = {10.1109/JIOT.2020.2970596}
}

%%%%%%%%%%%%%%%%%%%%%%%%%%%%%%%%%%%%%%%%%%%%%%%%
%https://agupubs.onlinelibrary.wiley.com/doi/full/10.1002/2016WR019619
@article{Zhang_Bales_et_al,
author = {Zhang, Ziran and Glaser, Steven and Bales, Roger and Conklin, M. and Rice, Robert and Marks, Danny},
year = {2017},
month = {04},
pages = {},
title = {Technical report: The design and evaluation of a basin-scale wireless sensor network for mountain hydrology},
volume = {53},
journal = {Water Resources Research},
doi = {10.1002/2016WR019619}
}

%%%%%%%%%%%%%%%%%%%%%%%%%%%%%%%%%%%%%%%%%%%%%%%%
%https://agupubs.onlinelibrary.wiley.com/doi/full/10.1002/2016WR018825
@article{Zhang_Glaser_et_al,
author = {Zhang, Z. and Glaser, S. and Bales, R. and Conklin, M. and Rice, R. and Marks, Danny},
year = {2017},
month = {07},
pages = {},
title = {Insights into mountain precipitation and snowpack from a basin-scale wireless-sensor network},
volume = {53},
journal = {Water Resources Research},
doi = {10.1002/2016WR018825}
}

%%%%%%%%%%%%%%%%%%%%%%%%%%%%%%%%%%%%%%%%%%%%%%%%
%https://www.nature.com/articles/s41467-018-03629-7
@article{Jennings_et_al,
author = {Jennings, Keith and Winchell, Taylor and Livneh, Ben and Molotch, Noah},
year = {2018},
month = {03},
pages = {},
title = {Spatial variation of the rain–snow temperature threshold across the Northern Hemisphere},
volume = {9},
journal = {Nature Communications},
doi = {10.1038/s41467-018-03629-7}
}

%%%%%%%%%%%%%%%%%%%%%%%%%%%%%%%%%%%%%%%%%%%%%%%%
%https://www.tandfonline.com/doi/full/10.1080/02626667.2019.1620507
@article{Blöschl_et_al,
author = {Blöschl, Günter and Bierkens, Marc and Chambel, António and Cudennec, Christophe and Destouni, Georgia and Fiori, Aldo and Kirchner, James and McDonnell, Jeffrey and Savenije, Hubert and Sivapalan, Murugesu and Stumpp, Christine and Toth, Elena and Volpi, Elena and Carr, Gemma and Lupton, Claire and Salinas, Luis and Széles, Borbála and Viglione, Alberto and Aksoy, Hafzullah and Zhang, Yongqiang},
year = {2019},
month = {06},
pages = {1141-1158},
title = {Twenty-three Unsolved Problems in Hydrology (UPH) – a community perspective},
volume = {64},
journal = {Hydrological Sciences Journal/Journal des Sciences Hydrologiques},
doi = {10.1080/02626667.2019.1620507}
}

%%%%%%%%%%%%%%%%%%%%%%%%%%%%%%%%%%%%%%%%%%%%%%%%
%https://www.ncei.noaa.gov/maps/lcd
@misc{local_climatological_data,
  title        = "Local Climatological Data",
  author       = "{NOAA}",
  howpublished = "\url{https://www.ncei.noaa.gov/maps/lcd}",
  note         = "Accessed: 2023-10-11"
}

%%%%%%%%%%%%%%%%%%%%%%%%%%%%%%%%%%%%%%%%%%%%%%%%
%https://ieeexplore.ieee.org/stamp/stamp.jsp?tp=&arnumber=9930341
@article{Solé_et_al,
author = {Miquel Solé, Joan and Pueyo Centelles, Roger and Freitag, F. and Meseguer, Roc},
year = {2022},
month = {01},
pages = {113158-113171},
title = {Implementation of a LoRa Mesh Library},
volume = {10},
journal = {IEEE Access},
doi = {10.1109/ACCESS.2022.3217215}
}
